@online{keithbriggs2002solution,
  author = {Keith Briggs},
  title = {Solutions to Trefethen's problems from "Hundred-dollar, Hundred-digit challenge", SIAM News volume 35, number 1.},
  year = 2002,
  url = {https://keithbriggs.info/solutions.html},
  urldate = {2023-12-11}
}

@article{gibbons2006unbounded,
  title={Unbounded spigot algorithms for the digits of pi},
  author={Gibbons, Jeremy},
  journal={The American Mathematical Monthly},
  volume={113},
  number={4},
  pages={318--328},
  year={2006},
  publisher={Taylor \& Francis}
}

@article{anderson1994performing,
  title={Performing Lisp analysis of the FANNKUCH benchmark},
  author={Anderson, Kenneth R and Rettig, Duane},
  journal={ACM SIGPLAN Lisp Pointers},
  volume={7},
  number={4},
  pages={2--12},
  year={1994},
  publisher={ACM New York, NY, USA}
}